@ARTICLE{AuthorYear,
   author = {{Lastname}, F. and {Lastname}, F.},
    title = "{Title}",
  journal = {journal},
     year = 2013,
    month = aug
}

@ARTICLE{Author2Year2,
   author = {{Lastname1}, F. and {Lastname2}, F. and {Lastname3}, F.},
    title = "{Title}",
  journal = {journal},
     year = 2013,
    month = aug
}